 @article{lewin1990klumpenhouwer,
  title={Klumpenhouwer networks and some isographies that involve them},
  author={Lewin, David},
  journal={Music Theory Spectrum},
  volume={12},
  number={1},
  pages={83--120},
  year={1990},
  publisher={University of California Press}
}

@book{forte1973structure,
  title={The structure of atonal music},
  author={Forte, Allen},
  volume={304},
  year={1973},
  publisher={Yale University Press}
}

@article{andreatta2008calcul,
  title={Calcul alg{\'e}brique et calcul cat{\'e}goriel en musique: aspects th{\'e}oriques et informatiques},
  author={Andreatta, Moreno},
  journal={Le calcul de la musique},
  pages={429--477},
  year={2008}
}

@book{lewin1987generalized,
  title={Generalized musical intervals and transformations},
  author={Lewin, David},
  year={1987},
  publisher={New Heaven: Yale University Press}
}

@article{andreatta2014introduction,
  title={Une introduction musicologique {\`a} la recherche {\guillemotleft}math{\'e}musicale{\guillemotright}: aspects th{\'e}oriques et enjeux {\'e}pist{\'e}mologiques},
  author={Andreatta, Moreno},
  journal={Circuit},
  volume={24},
  number={2},
  pages={51--66},
  year={2014},
  publisher={{\'E}rudit}
}

@inproceedings{agostini2021programming,
  title={Programming in style with bach},
  author={Agostini, Andrea and Ghisi, Daniele and Giavitto, Jean-Louis},
  booktitle={Perception, Representations, Image, Sound, Music: 14th International Symposium, CMMR 2019, Marseille, France, October 14--18, 2019, Revised Selected Papers 14},
  pages={257--278},
  year={2021},
  organization={Springer}
}


@inproceedings{andreatta2003formalisation,
  title={Formalisation alg{\'e}brique des structures musicales {\`a} l'aide de la Set-Theory: aspects th{\'e}oriques et analytiques},
  author={Andreatta, Moreno and Agon, Carlos},
  booktitle={Journ{\'e}es d'Informatique Musicale},
  year={2003}
}

@article{bresson2014reactive,
  title={A reactive extension of the openmusic visual programming language},
  author={Bresson, Jean and Giavitto, Jean-Louis},
  journal={Journal of Visual Languages \& Computing},
  volume={25},
  number={4},
  pages={363--375},
  year={2014},
  publisher={Elsevier}
}

@inproceedings{bresson2011openmusic,
  title={OpenMusic: visual programming environment for music composition, analysis and research},
  author={Bresson, Jean and Agon, Carlos and Assayag, G{\'e}rard},
  booktitle={Proceedings of the 19th ACM international conference on Multimedia},
  pages={743--746},
  year={2011}
}

@inproceedings{bresson2017next,
  title={Next-generation Computer-aided Composition Environment: A new implementation of OpenMusic},
  author={Bresson, Jean and Bouche, Dimitri and Carpentier, Thibaut and Schwarz, Diemo and Garcia, J{\'e}r{\'e}mie},
  booktitle={International Computer Music Conference},
  year={2017}
}



 @article{Livingstone_Muhlberger_Brown_Thompson_2010,
  title   = {Changing Musical Emotion: A Computational Rule System for Modifying Score and Performance},
  volume  = {34},
  issn    = {0148-9267},
  doi     = {10.1162/comj.2010.34.1.41},
  number  = {1},
  journal = {Computer Music Journal},
  author  = {Livingstone, Steven R. and Muhlberger, Ralf and Brown, Andrew R. and Thompson, William F.},
  year    = {2010},
  month   = {Mar},
  pages   = {41â€“64}
}

